%YAML 1.1
%TAG !u! tag:unity3d.com,2011:
--- !u!1 &110406
GameObject:
  m_ObjectHideFlags: 1
  m_PrefabParentObject: {fileID: 0}
  m_PrefabInternal: {fileID: 100100000}
  serializedVersion: 4
  m_Component:
  - 4: {fileID: 455692}
  - 212: {fileID: 21253186}
  m_Layer: 0
  m_Name: Generator
  m_TagString: Untagged
  m_Icon: {fileID: 0}
  m_NavMeshLayer: 0
  m_StaticEditorFlags: 0
  m_IsActive: 1
--- !u!1 &118756
GameObject:
  m_ObjectHideFlags: 0
  m_PrefabParentObject: {fileID: 0}
  m_PrefabInternal: {fileID: 100100000}
  serializedVersion: 4
  m_Component:
  - 4: {fileID: 449062}
  - 212: {fileID: 21214714}
  m_Layer: 0
  m_Name: Base
  m_TagString: Untagged
  m_Icon: {fileID: 0}
  m_NavMeshLayer: 0
  m_StaticEditorFlags: 0
  m_IsActive: 1
--- !u!1 &120814
GameObject:
  m_ObjectHideFlags: 1
  m_PrefabParentObject: {fileID: 0}
  m_PrefabInternal: {fileID: 100100000}
  serializedVersion: 4
  m_Component:
  - 4: {fileID: 473902}
  - 212: {fileID: 21220444}
  m_Layer: 0
  m_Name: Lent_12
  m_TagString: Untagged
  m_Icon: {fileID: 0}
  m_NavMeshLayer: 0
  m_StaticEditorFlags: 0
  m_IsActive: 1
--- !u!1 &132512
GameObject:
  m_ObjectHideFlags: 0
  m_PrefabParentObject: {fileID: 0}
  m_PrefabInternal: {fileID: 100100000}
  serializedVersion: 4
  m_Component:
  - 4: {fileID: 419710}
  - 212: {fileID: 21210652}
  m_Layer: 0
  m_Name: Connector1
  m_TagString: Untagged
  m_Icon: {fileID: 0}
  m_NavMeshLayer: 0
  m_StaticEditorFlags: 0
  m_IsActive: 1
--- !u!1 &134414
GameObject:
  m_ObjectHideFlags: 1
  m_PrefabParentObject: {fileID: 0}
  m_PrefabInternal: {fileID: 100100000}
  serializedVersion: 4
  m_Component:
  - 4: {fileID: 433022}
  - 212: {fileID: 21265548}
  m_Layer: 0
  m_Name: Lent_21
  m_TagString: Untagged
  m_Icon: {fileID: 0}
  m_NavMeshLayer: 0
  m_StaticEditorFlags: 0
  m_IsActive: 1
--- !u!1 &141660
GameObject:
  m_ObjectHideFlags: 1
  m_PrefabParentObject: {fileID: 0}
  m_PrefabInternal: {fileID: 100100000}
  serializedVersion: 4
  m_Component:
  - 4: {fileID: 413452}
  - 212: {fileID: 21256314}
  m_Layer: 0
  m_Name: Whell1
  m_TagString: Untagged
  m_Icon: {fileID: 0}
  m_NavMeshLayer: 0
  m_StaticEditorFlags: 0
  m_IsActive: 1
--- !u!1 &144280
GameObject:
  m_ObjectHideFlags: 0
  m_PrefabParentObject: {fileID: 0}
  m_PrefabInternal: {fileID: 100100000}
  serializedVersion: 4
  m_Component:
  - 4: {fileID: 439956}
  - 95: {fileID: 9572262}
  - 114: {fileID: 11436016}
  m_Layer: 0
  m_Name: Lent
  m_TagString: item
  m_Icon: {fileID: 0}
  m_NavMeshLayer: 0
  m_StaticEditorFlags: 0
  m_IsActive: 1
--- !u!1 &144876
GameObject:
  m_ObjectHideFlags: 1
  m_PrefabParentObject: {fileID: 0}
  m_PrefabInternal: {fileID: 100100000}
  serializedVersion: 4
  m_Component:
  - 4: {fileID: 427454}
  - 212: {fileID: 21263478}
  m_Layer: 0
  m_Name: Lent_20
  m_TagString: Untagged
  m_Icon: {fileID: 0}
  m_NavMeshLayer: 0
  m_StaticEditorFlags: 0
  m_IsActive: 1
--- !u!1 &147376
GameObject:
  m_ObjectHideFlags: 1
  m_PrefabParentObject: {fileID: 0}
  m_PrefabInternal: {fileID: 100100000}
  serializedVersion: 4
  m_Component:
  - 4: {fileID: 489214}
  - 212: {fileID: 21200676}
  m_Layer: 0
  m_Name: Lent_19
  m_TagString: Untagged
  m_Icon: {fileID: 0}
  m_NavMeshLayer: 0
  m_StaticEditorFlags: 0
  m_IsActive: 1
--- !u!1 &150490
GameObject:
  m_ObjectHideFlags: 0
  m_PrefabParentObject: {fileID: 0}
  m_PrefabInternal: {fileID: 100100000}
  serializedVersion: 4
  m_Component:
  - 4: {fileID: 458864}
  - 212: {fileID: 21292788}
  m_Layer: 0
  m_Name: Connector2
  m_TagString: Untagged
  m_Icon: {fileID: 0}
  m_NavMeshLayer: 0
  m_StaticEditorFlags: 0
  m_IsActive: 1
--- !u!1 &154676
GameObject:
  m_ObjectHideFlags: 1
  m_PrefabParentObject: {fileID: 0}
  m_PrefabInternal: {fileID: 100100000}
  serializedVersion: 4
  m_Component:
  - 4: {fileID: 458852}
  - 212: {fileID: 21242678}
  m_Layer: 0
  m_Name: Lent_21
  m_TagString: Untagged
  m_Icon: {fileID: 0}
  m_NavMeshLayer: 0
  m_StaticEditorFlags: 0
  m_IsActive: 1
--- !u!1 &169064
GameObject:
  m_ObjectHideFlags: 1
  m_PrefabParentObject: {fileID: 0}
  m_PrefabInternal: {fileID: 100100000}
  serializedVersion: 4
  m_Component:
  - 4: {fileID: 465222}
  - 212: {fileID: 21232854}
  m_Layer: 0
  m_Name: Whell2
  m_TagString: Untagged
  m_Icon: {fileID: 0}
  m_NavMeshLayer: 0
  m_StaticEditorFlags: 0
  m_IsActive: 1
--- !u!1 &170584
GameObject:
  m_ObjectHideFlags: 1
  m_PrefabParentObject: {fileID: 0}
  m_PrefabInternal: {fileID: 100100000}
  serializedVersion: 4
  m_Component:
  - 4: {fileID: 470550}
  - 212: {fileID: 21223606}
  - 61: {fileID: 6112618}
  - 252: {fileID: 25268096}
  m_Layer: 8
  m_Name: MovementPart
  m_TagString: Untagged
  m_Icon: {fileID: 0}
  m_NavMeshLayer: 0
  m_StaticEditorFlags: 0
  m_IsActive: 1
--- !u!1 &183722
GameObject:
  m_ObjectHideFlags: 1
  m_PrefabParentObject: {fileID: 0}
  m_PrefabInternal: {fileID: 100100000}
  serializedVersion: 4
  m_Component:
  - 4: {fileID: 459762}
  - 212: {fileID: 21200652}
  m_Layer: 0
  m_Name: Lent_15
  m_TagString: Untagged
  m_Icon: {fileID: 0}
  m_NavMeshLayer: 0
  m_StaticEditorFlags: 0
  m_IsActive: 1
--- !u!1 &191276
GameObject:
  m_ObjectHideFlags: 1
  m_PrefabParentObject: {fileID: 0}
  m_PrefabInternal: {fileID: 100100000}
  serializedVersion: 4
  m_Component:
  - 4: {fileID: 488814}
  - 212: {fileID: 21243762}
  m_Layer: 0
  m_Name: Lent_18
  m_TagString: Untagged
  m_Icon: {fileID: 0}
  m_NavMeshLayer: 0
  m_StaticEditorFlags: 0
  m_IsActive: 1
--- !u!1 &199328
GameObject:
  m_ObjectHideFlags: 1
  m_PrefabParentObject: {fileID: 0}
  m_PrefabInternal: {fileID: 100100000}
  serializedVersion: 4
  m_Component:
  - 4: {fileID: 409896}
  - 212: {fileID: 21216626}
  m_Layer: 0
  m_Name: Lent_11
  m_TagString: Untagged
  m_Icon: {fileID: 0}
  m_NavMeshLayer: 0
  m_StaticEditorFlags: 0
  m_IsActive: 1
--- !u!4 &409896
Transform:
  m_ObjectHideFlags: 1
  m_PrefabParentObject: {fileID: 0}
  m_PrefabInternal: {fileID: 100100000}
  m_GameObject: {fileID: 199328}
  m_LocalRotation: {x: 0, y: 0, z: 0, w: 1}
  m_LocalPosition: {x: -0.017, y: 0.16499996, z: 0.0010000002}
  m_LocalScale: {x: 1, y: 1, z: 1}
  m_LocalEulerAnglesHint: {x: 0, y: 0, z: 0}
  m_Children: []
  m_Father: {fileID: 473902}
  m_RootOrder: 0
--- !u!4 &413452
Transform:
  m_ObjectHideFlags: 1
  m_PrefabParentObject: {fileID: 0}
  m_PrefabInternal: {fileID: 100100000}
  m_GameObject: {fileID: 141660}
  m_LocalRotation: {x: 0, y: 0, z: 0, w: 1}
  m_LocalPosition: {x: -1.867, y: -0.105000496, z: -0.0009999999}
  m_LocalScale: {x: 1, y: 1, z: 1}
  m_LocalEulerAnglesHint: {x: 0, y: 0, z: 0}
  m_Children: []
  m_Father: {fileID: 473902}
  m_RootOrder: 2
--- !u!4 &419710
Transform:
  m_ObjectHideFlags: 1
  m_PrefabParentObject: {fileID: 0}
  m_PrefabInternal: {fileID: 100100000}
  m_GameObject: {fileID: 132512}
  m_LocalRotation: {x: 0, y: 0, z: 0, w: 1}
  m_LocalPosition: {x: 1.46, y: -2.5, z: 0.01}
  m_LocalScale: {x: 2, y: 2, z: 2}
  m_LocalEulerAnglesHint: {x: 0, y: 0, z: 0}
  m_Children: []
  m_Father: {fileID: 439956}
  m_RootOrder: 1
--- !u!4 &427454
Transform:
  m_ObjectHideFlags: 1
  m_PrefabParentObject: {fileID: 0}
  m_PrefabInternal: {fileID: 100100000}
  m_GameObject: {fileID: 144876}
  m_LocalRotation: {x: 0, y: 0, z: 0.048541628, w: 0.9988212}
  m_LocalPosition: {x: 1.6100005, y: -0.40299982, z: -0.0049998853}
  m_LocalScale: {x: 1, y: 1, z: 1}
  m_LocalEulerAnglesHint: {x: 0, y: 0, z: 5.5646996}
  m_Children:
  - {fileID: 488814}
  m_Father: {fileID: 449062}
  m_RootOrder: 1
--- !u!4 &433022
Transform:
  m_ObjectHideFlags: 1
  m_PrefabParentObject: {fileID: 0}
  m_PrefabInternal: {fileID: 100100000}
  m_GameObject: {fileID: 134414}
  m_LocalRotation: {x: 0, y: 0, z: -0.022413127, w: 0.9997488}
  m_LocalPosition: {x: -1.7749997, y: -0.42300028, z: -0.0049}
  m_LocalScale: {x: 1, y: 1, z: 1}
  m_LocalEulerAnglesHint: {x: 0, y: 0, z: -2.5686}
  m_Children:
  - {fileID: 489214}
  m_Father: {fileID: 449062}
  m_RootOrder: 2
--- !u!4 &439956
Transform:
  m_ObjectHideFlags: 1
  m_PrefabParentObject: {fileID: 0}
  m_PrefabInternal: {fileID: 100100000}
  m_GameObject: {fileID: 144280}
  m_LocalRotation: {x: 0, y: 0, z: 0, w: 1}
  m_LocalPosition: {x: 32.43, y: -9.31, z: 0}
  m_LocalScale: {x: 1, y: 1, z: 1}
  m_LocalEulerAnglesHint: {x: 0, y: 0, z: 0}
  m_Children:
  - {fileID: 449062}
  - {fileID: 419710}
  - {fileID: 458864}
  m_Father: {fileID: 0}
  m_RootOrder: 0
--- !u!4 &449062
Transform:
  m_ObjectHideFlags: 1
  m_PrefabParentObject: {fileID: 0}
  m_PrefabInternal: {fileID: 100100000}
  m_GameObject: {fileID: 118756}
  m_LocalRotation: {x: 0, y: 0, z: 0, w: 1}
  m_LocalPosition: {x: -0.68, y: -1.37, z: 0.01}
  m_LocalScale: {x: 2, y: 2, z: 2}
  m_LocalEulerAnglesHint: {x: 0, y: 0, z: 0}
  m_Children:
  - {fileID: 455692}
  - {fileID: 427454}
  - {fileID: 433022}
  - {fileID: 473902}
  m_Father: {fileID: 439956}
  m_RootOrder: 0
--- !u!4 &455692
Transform:
  m_ObjectHideFlags: 1
  m_PrefabParentObject: {fileID: 0}
  m_PrefabInternal: {fileID: 100100000}
  m_GameObject: {fileID: 110406}
  m_LocalRotation: {x: 0, y: 0, z: 0, w: 1}
  m_LocalPosition: {x: -0.033, y: -0.5280002, z: -0.0010000002}
  m_LocalScale: {x: 1, y: 1, z: 1}
  m_LocalEulerAnglesHint: {x: 0, y: 0, z: 0}
  m_Children: []
  m_Father: {fileID: 449062}
  m_RootOrder: 0
--- !u!4 &458852
Transform:
  m_ObjectHideFlags: 1
  m_PrefabParentObject: {fileID: 0}
  m_PrefabInternal: {fileID: 100100000}
  m_GameObject: {fileID: 154676}
  m_LocalRotation: {x: 0, y: 0, z: 0, w: 1}
  m_LocalPosition: {x: -0.207, y: -0.142, z: -0.01}
  m_LocalScale: {x: 1.4910842, y: 1.4910842, z: 1.4910842}
  m_LocalEulerAnglesHint: {x: 0, y: 0, z: 0}
  m_Children: []
  m_Father: {fileID: 473902}
  m_RootOrder: 5
--- !u!4 &458864
Transform:
  m_ObjectHideFlags: 1
  m_PrefabParentObject: {fileID: 0}
  m_PrefabInternal: {fileID: 100100000}
  m_GameObject: {fileID: 150490}
  m_LocalRotation: {x: 0, y: 0, z: 0, w: 1}
  m_LocalPosition: {x: -3.19, y: -2.54, z: 0.01}
  m_LocalScale: {x: 2, y: 2, z: 2}
  m_LocalEulerAnglesHint: {x: 0, y: 0, z: 0}
  m_Children: []
  m_Father: {fileID: 439956}
  m_RootOrder: 2
--- !u!4 &459762
Transform:
  m_ObjectHideFlags: 1
  m_PrefabParentObject: {fileID: 0}
  m_PrefabInternal: {fileID: 100100000}
  m_GameObject: {fileID: 183722}
  m_LocalRotation: {x: 0, y: 0, z: 0, w: 1}
  m_LocalPosition: {x: -0.207, y: -0.14500046, z: -0.02}
  m_LocalScale: {x: 1, y: 1, z: 1}
  m_LocalEulerAnglesHint: {x: 0, y: 0, z: 0}
  m_Children: []
  m_Father: {fileID: 473902}
  m_RootOrder: 1
--- !u!4 &465222
Transform:
  m_ObjectHideFlags: 1
  m_PrefabParentObject: {fileID: 0}
  m_PrefabInternal: {fileID: 100100000}
  m_GameObject: {fileID: 169064}
  m_LocalRotation: {x: 0, y: 0, z: 0, w: 1}
  m_LocalPosition: {x: 1.9330001, y: -0.105000496, z: -0.0009999999}
  m_LocalScale: {x: 1, y: 1, z: 1}
  m_LocalEulerAnglesHint: {x: 0, y: 0, z: 0}
  m_Children: []
  m_Father: {fileID: 473902}
  m_RootOrder: 3
--- !u!4 &470550
Transform:
  m_ObjectHideFlags: 1
  m_PrefabParentObject: {fileID: 0}
  m_PrefabInternal: {fileID: 100100000}
  m_GameObject: {fileID: 170584}
  m_LocalRotation: {x: 0, y: 0, z: 0, w: 1}
  m_LocalPosition: {x: -0.017, y: 0.23200035, z: 0.0019999999}
  m_LocalScale: {x: 1, y: 1, z: 1}
  m_LocalEulerAnglesHint: {x: 0, y: 0, z: 0}
  m_Children: []
  m_Father: {fileID: 473902}
  m_RootOrder: 4
--- !u!4 &473902
Transform:
  m_ObjectHideFlags: 1
  m_PrefabParentObject: {fileID: 0}
  m_PrefabInternal: {fileID: 100100000}
  m_GameObject: {fileID: 120814}
  m_LocalRotation: {x: 0, y: 0, z: 0, w: 1}
  m_LocalPosition: {x: 0.017000198, y: 0.26500034, z: -0.0069999695}
  m_LocalScale: {x: 1, y: 1, z: 1}
  m_LocalEulerAnglesHint: {x: 0, y: 0, z: 0}
  m_Children:
  - {fileID: 409896}
  - {fileID: 459762}
  - {fileID: 413452}
  - {fileID: 465222}
  - {fileID: 470550}
  - {fileID: 458852}
  m_Father: {fileID: 449062}
  m_RootOrder: 3
--- !u!4 &488814
Transform:
  m_ObjectHideFlags: 1
  m_PrefabParentObject: {fileID: 0}
  m_PrefabInternal: {fileID: 100100000}
  m_GameObject: {fileID: 191276}
  m_LocalRotation: {x: 0, y: 0, z: 0.97808146, w: -0.20822261}
  m_LocalPosition: {x: -0.26, y: -0.05, z: -0.001}
  m_LocalScale: {x: 1, y: 1, z: 1}
  m_LocalEulerAnglesHint: {x: 0, y: 0, z: -155.9636}
  m_Children: []
  m_Father: {fileID: 427454}
  m_RootOrder: 0
--- !u!4 &489214
Transform:
  m_ObjectHideFlags: 1
  m_PrefabParentObject: {fileID: 0}
  m_PrefabInternal: {fileID: 100100000}
  m_GameObject: {fileID: 147376}
  m_LocalRotation: {x: 0, y: 0, z: -0.045690868, w: 0.99895567}
  m_LocalPosition: {x: 0.24, y: -0.05, z: -0.001}
  m_LocalScale: {x: 1, y: 1, z: 1}
  m_LocalEulerAnglesHint: {x: 0, y: 0, z: -5.2376}
  m_Children: []
  m_Father: {fileID: 433022}
  m_RootOrder: 0
--- !u!61 &6112618
BoxCollider2D:
  m_ObjectHideFlags: 1
  m_PrefabParentObject: {fileID: 0}
  m_PrefabInternal: {fileID: 100100000}
  m_GameObject: {fileID: 170584}
  m_Enabled: 1
  m_Density: 1
  m_Material: {fileID: 0}
  m_IsTrigger: 0
  m_UsedByEffector: 1
  m_Offset: {x: -0.048104633, y: 0.073099196}
  serializedVersion: 2
  m_Size: {x: 4.989849, y: 0.38011062}
--- !u!95 &9572262
Animator:
  serializedVersion: 3
  m_ObjectHideFlags: 1
  m_PrefabParentObject: {fileID: 0}
  m_PrefabInternal: {fileID: 100100000}
  m_GameObject: {fileID: 144280}
  m_Enabled: 1
  m_Avatar: {fileID: 0}
  m_Controller: {fileID: 9100000, guid: e2e0420e8a01e094082151fbe0204f95, type: 2}
  m_CullingMode: 0
  m_UpdateMode: 0
  m_ApplyRootMotion: 0
  m_LinearVelocityBlending: 0
  m_WarningMessage: 
  m_HasTransformHierarchy: 1
  m_AllowConstantClipSamplingOptimization: 1
--- !u!114 &11436016
MonoBehaviour:
  m_ObjectHideFlags: 1
  m_PrefabParentObject: {fileID: 0}
  m_PrefabInternal: {fileID: 100100000}
  m_GameObject: {fileID: 144280}
  m_Enabled: 1
  m_EditorHideFlags: 0
  m_Script: {fileID: 11500000, guid: c63e98fcf3f7d964aaa24d9b7c8b7eec, type: 3}
  m_Name: 
  m_EditorClassIdentifier: 
  on: {fileID: 0}
  off: {fileID: 0}
  isOn: 1
  movement: {fileID: 470550}
  defaultSpeed: 3.5
  anim: {fileID: 9572262}
--- !u!212 &21200652
SpriteRenderer:
  m_ObjectHideFlags: 1
  m_PrefabParentObject: {fileID: 0}
  m_PrefabInternal: {fileID: 100100000}
  m_GameObject: {fileID: 183722}
  m_Enabled: 1
  m_CastShadows: 0
  m_ReceiveShadows: 0
  m_Materials:
  - {fileID: 2100000, guid: 0958297cbb8660543bcc94d4150d47d7, type: 2}
  m_SubsetIndices: 
  m_StaticBatchRoot: {fileID: 0}
  m_UseLightProbes: 1
  m_ReflectionProbeUsage: 1
  m_ProbeAnchor: {fileID: 0}
  m_ScaleInLightmap: 1
  m_PreserveUVs: 0
  m_IgnoreNormalsForChartDetection: 0
  m_ImportantGI: 0
  m_MinimumChartSize: 4
  m_AutoUVMaxDistance: 0.5
  m_AutoUVMaxAngle: 89
  m_LightmapParameters: {fileID: 0}
  m_SortingLayerID: 0
  m_SortingOrder: 0
  m_Sprite: {fileID: 21300030, guid: a8368547a2ccd51499f79944d8a9f2b5, type: 3}
  m_Color: {r: 1, g: 1, b: 1, a: 1}
  m_FlipX: 0
  m_FlipY: 0
--- !u!212 &21200676
SpriteRenderer:
  m_ObjectHideFlags: 1
  m_PrefabParentObject: {fileID: 0}
  m_PrefabInternal: {fileID: 100100000}
  m_GameObject: {fileID: 147376}
  m_Enabled: 1
  m_CastShadows: 0
  m_ReceiveShadows: 0
  m_Materials:
  - {fileID: 2100000, guid: 0958297cbb8660543bcc94d4150d47d7, type: 2}
  m_SubsetIndices: 
  m_StaticBatchRoot: {fileID: 0}
  m_UseLightProbes: 1
  m_ReflectionProbeUsage: 1
  m_ProbeAnchor: {fileID: 0}
  m_ScaleInLightmap: 1
  m_PreserveUVs: 0
  m_IgnoreNormalsForChartDetection: 0
  m_ImportantGI: 0
  m_MinimumChartSize: 4
  m_AutoUVMaxDistance: 0.5
  m_AutoUVMaxAngle: 89
  m_LightmapParameters: {fileID: 0}
  m_SortingLayerID: 0
  m_SortingOrder: 0
  m_Sprite: {fileID: 21300036, guid: a8368547a2ccd51499f79944d8a9f2b5, type: 3}
  m_Color: {r: 1, g: 1, b: 1, a: 1}
  m_FlipX: 0
  m_FlipY: 0
--- !u!212 &21210652
SpriteRenderer:
  m_ObjectHideFlags: 1
  m_PrefabParentObject: {fileID: 0}
  m_PrefabInternal: {fileID: 100100000}
  m_GameObject: {fileID: 132512}
  m_Enabled: 1
  m_CastShadows: 0
  m_ReceiveShadows: 0
  m_Materials:
  - {fileID: 2100000, guid: 0958297cbb8660543bcc94d4150d47d7, type: 2}
  m_SubsetIndices: 
  m_StaticBatchRoot: {fileID: 0}
  m_UseLightProbes: 1
  m_ReflectionProbeUsage: 1
  m_ProbeAnchor: {fileID: 0}
  m_ScaleInLightmap: 1
  m_PreserveUVs: 0
  m_IgnoreNormalsForChartDetection: 0
  m_ImportantGI: 0
  m_MinimumChartSize: 4
  m_AutoUVMaxDistance: 0.5
  m_AutoUVMaxAngle: 89
  m_LightmapParameters: {fileID: 0}
  m_SortingLayerID: 0
  m_SortingOrder: 0
  m_Sprite: {fileID: 21300016, guid: a8368547a2ccd51499f79944d8a9f2b5, type: 3}
  m_Color: {r: 1, g: 1, b: 1, a: 1}
  m_FlipX: 0
  m_FlipY: 0
--- !u!212 &21214714
SpriteRenderer:
  m_ObjectHideFlags: 1
  m_PrefabParentObject: {fileID: 0}
  m_PrefabInternal: {fileID: 100100000}
  m_GameObject: {fileID: 118756}
  m_Enabled: 1
  m_CastShadows: 0
  m_ReceiveShadows: 0
  m_Materials:
  - {fileID: 2100000, guid: 0958297cbb8660543bcc94d4150d47d7, type: 2}
  m_SubsetIndices: 
  m_StaticBatchRoot: {fileID: 0}
  m_UseLightProbes: 1
  m_ReflectionProbeUsage: 1
  m_ProbeAnchor: {fileID: 0}
  m_ScaleInLightmap: 1
  m_PreserveUVs: 0
  m_IgnoreNormalsForChartDetection: 0
  m_ImportantGI: 0
  m_MinimumChartSize: 4
  m_AutoUVMaxDistance: 0.5
  m_AutoUVMaxAngle: 89
  m_LightmapParameters: {fileID: 0}
  m_SortingLayerID: 0
  m_SortingOrder: 0
  m_Sprite: {fileID: 21300032, guid: a8368547a2ccd51499f79944d8a9f2b5, type: 3}
  m_Color: {r: 1, g: 1, b: 1, a: 1}
  m_FlipX: 0
  m_FlipY: 0
--- !u!212 &21216626
SpriteRenderer:
  m_ObjectHideFlags: 1
  m_PrefabParentObject: {fileID: 0}
  m_PrefabInternal: {fileID: 100100000}
  m_GameObject: {fileID: 199328}
  m_Enabled: 1
  m_CastShadows: 0
  m_ReceiveShadows: 0
  m_Materials:
  - {fileID: 2100000, guid: 0958297cbb8660543bcc94d4150d47d7, type: 2}
  m_SubsetIndices: 
  m_StaticBatchRoot: {fileID: 0}
  m_UseLightProbes: 1
  m_ReflectionProbeUsage: 1
  m_ProbeAnchor: {fileID: 0}
  m_ScaleInLightmap: 1
  m_PreserveUVs: 0
  m_IgnoreNormalsForChartDetection: 0
  m_ImportantGI: 0
  m_MinimumChartSize: 4
  m_AutoUVMaxDistance: 0.5
  m_AutoUVMaxAngle: 89
  m_LightmapParameters: {fileID: 0}
  m_SortingLayerID: 0
  m_SortingOrder: 0
  m_Sprite: {fileID: 21300022, guid: a8368547a2ccd51499f79944d8a9f2b5, type: 3}
  m_Color: {r: 1, g: 1, b: 1, a: 1}
  m_FlipX: 0
  m_FlipY: 0
--- !u!212 &21220444
SpriteRenderer:
  m_ObjectHideFlags: 1
  m_PrefabParentObject: {fileID: 0}
  m_PrefabInternal: {fileID: 100100000}
  m_GameObject: {fileID: 120814}
  m_Enabled: 1
  m_CastShadows: 0
  m_ReceiveShadows: 0
  m_Materials:
  - {fileID: 2100000, guid: 0958297cbb8660543bcc94d4150d47d7, type: 2}
  m_SubsetIndices: 
  m_StaticBatchRoot: {fileID: 0}
  m_UseLightProbes: 1
  m_ReflectionProbeUsage: 1
  m_ProbeAnchor: {fileID: 0}
  m_ScaleInLightmap: 1
  m_PreserveUVs: 0
  m_IgnoreNormalsForChartDetection: 0
  m_ImportantGI: 0
  m_MinimumChartSize: 4
  m_AutoUVMaxDistance: 0.5
  m_AutoUVMaxAngle: 89
  m_LightmapParameters: {fileID: 0}
  m_SortingLayerID: 0
  m_SortingOrder: 0
  m_Sprite: {fileID: 21300024, guid: a8368547a2ccd51499f79944d8a9f2b5, type: 3}
  m_Color: {r: 1, g: 1, b: 1, a: 1}
  m_FlipX: 0
  m_FlipY: 0
--- !u!212 &21223606
SpriteRenderer:
  m_ObjectHideFlags: 1
  m_PrefabParentObject: {fileID: 0}
  m_PrefabInternal: {fileID: 100100000}
  m_GameObject: {fileID: 170584}
  m_Enabled: 1
  m_CastShadows: 0
  m_ReceiveShadows: 0
  m_Materials:
  - {fileID: 2100000, guid: 0958297cbb8660543bcc94d4150d47d7, type: 2}
  m_SubsetIndices: 
  m_StaticBatchRoot: {fileID: 0}
  m_UseLightProbes: 1
  m_ReflectionProbeUsage: 1
  m_ProbeAnchor: {fileID: 0}
  m_ScaleInLightmap: 1
  m_PreserveUVs: 0
  m_IgnoreNormalsForChartDetection: 0
  m_ImportantGI: 0
  m_MinimumChartSize: 4
  m_AutoUVMaxDistance: 0.5
  m_AutoUVMaxAngle: 89
  m_LightmapParameters: {fileID: 0}
  m_SortingLayerID: 0
  m_SortingOrder: 0
  m_Sprite: {fileID: 21300000, guid: a8368547a2ccd51499f79944d8a9f2b5, type: 3}
  m_Color: {r: 1, g: 1, b: 1, a: 1}
  m_FlipX: 0
  m_FlipY: 0
--- !u!212 &21232854
SpriteRenderer:
  m_ObjectHideFlags: 1
  m_PrefabParentObject: {fileID: 0}
  m_PrefabInternal: {fileID: 100100000}
  m_GameObject: {fileID: 169064}
  m_Enabled: 1
  m_CastShadows: 0
  m_ReceiveShadows: 0
  m_Materials:
  - {fileID: 2100000, guid: 0958297cbb8660543bcc94d4150d47d7, type: 2}
  m_SubsetIndices: 
  m_StaticBatchRoot: {fileID: 0}
  m_UseLightProbes: 1
  m_ReflectionProbeUsage: 1
  m_ProbeAnchor: {fileID: 0}
  m_ScaleInLightmap: 1
  m_PreserveUVs: 0
  m_IgnoreNormalsForChartDetection: 0
  m_ImportantGI: 0
  m_MinimumChartSize: 4
  m_AutoUVMaxDistance: 0.5
  m_AutoUVMaxAngle: 89
  m_LightmapParameters: {fileID: 0}
  m_SortingLayerID: 0
  m_SortingOrder: 0
  m_Sprite: {fileID: 21300026, guid: a8368547a2ccd51499f79944d8a9f2b5, type: 3}
  m_Color: {r: 1, g: 1, b: 1, a: 1}
  m_FlipX: 0
  m_FlipY: 0
--- !u!212 &21242678
SpriteRenderer:
  m_ObjectHideFlags: 1
  m_PrefabParentObject: {fileID: 0}
  m_PrefabInternal: {fileID: 100100000}
  m_GameObject: {fileID: 154676}
  m_Enabled: 1
  m_CastShadows: 0
  m_ReceiveShadows: 0
  m_Materials:
  - {fileID: 10754, guid: 0000000000000000e000000000000000, type: 0}
  m_SubsetIndices: 
  m_StaticBatchRoot: {fileID: 0}
  m_UseLightProbes: 0
  m_ReflectionProbeUsage: 0
  m_ProbeAnchor: {fileID: 0}
  m_ScaleInLightmap: 1
  m_PreserveUVs: 0
  m_IgnoreNormalsForChartDetection: 0
  m_ImportantGI: 0
  m_MinimumChartSize: 4
  m_AutoUVMaxDistance: 0.5
  m_AutoUVMaxAngle: 89
  m_LightmapParameters: {fileID: 0}
  m_SortingLayerID: 0
  m_SortingOrder: 0
  m_Sprite: {fileID: 21300042, guid: a8368547a2ccd51499f79944d8a9f2b5, type: 3}
  m_Color: {r: 1, g: 1, b: 1, a: 1}
  m_FlipX: 0
  m_FlipY: 0
--- !u!212 &21243762
SpriteRenderer:
  m_ObjectHideFlags: 1
  m_PrefabParentObject: {fileID: 0}
  m_PrefabInternal: {fileID: 100100000}
  m_GameObject: {fileID: 191276}
  m_Enabled: 1
  m_CastShadows: 0
  m_ReceiveShadows: 0
  m_Materials:
  - {fileID: 2100000, guid: 0958297cbb8660543bcc94d4150d47d7, type: 2}
  m_SubsetIndices: 
  m_StaticBatchRoot: {fileID: 0}
  m_UseLightProbes: 1
  m_ReflectionProbeUsage: 1
  m_ProbeAnchor: {fileID: 0}
  m_ScaleInLightmap: 1
  m_PreserveUVs: 0
  m_IgnoreNormalsForChartDetection: 0
  m_ImportantGI: 0
  m_MinimumChartSize: 4
  m_AutoUVMaxDistance: 0.5
  m_AutoUVMaxAngle: 89
  m_LightmapParameters: {fileID: 0}
  m_SortingLayerID: 0
  m_SortingOrder: 0
  m_Sprite: {fileID: 21300036, guid: a8368547a2ccd51499f79944d8a9f2b5, type: 3}
  m_Color: {r: 1, g: 1, b: 1, a: 1}
  m_FlipX: 0
  m_FlipY: 0
--- !u!212 &21253186
SpriteRenderer:
  m_ObjectHideFlags: 1
  m_PrefabParentObject: {fileID: 0}
  m_PrefabInternal: {fileID: 100100000}
  m_GameObject: {fileID: 110406}
  m_Enabled: 1
  m_CastShadows: 0
  m_ReceiveShadows: 0
  m_Materials:
  - {fileID: 2100000, guid: 0958297cbb8660543bcc94d4150d47d7, type: 2}
  m_SubsetIndices: 
  m_StaticBatchRoot: {fileID: 0}
  m_UseLightProbes: 1
  m_ReflectionProbeUsage: 1
  m_ProbeAnchor: {fileID: 0}
  m_ScaleInLightmap: 1
  m_PreserveUVs: 0
  m_IgnoreNormalsForChartDetection: 0
  m_ImportantGI: 0
  m_MinimumChartSize: 4
  m_AutoUVMaxDistance: 0.5
  m_AutoUVMaxAngle: 89
  m_LightmapParameters: {fileID: 0}
  m_SortingLayerID: 0
  m_SortingOrder: 0
  m_Sprite: {fileID: 21300020, guid: a8368547a2ccd51499f79944d8a9f2b5, type: 3}
  m_Color: {r: 1, g: 1, b: 1, a: 1}
  m_FlipX: 0
  m_FlipY: 0
--- !u!212 &21256314
SpriteRenderer:
  m_ObjectHideFlags: 1
  m_PrefabParentObject: {fileID: 0}
  m_PrefabInternal: {fileID: 100100000}
  m_GameObject: {fileID: 141660}
  m_Enabled: 1
  m_CastShadows: 0
  m_ReceiveShadows: 0
  m_Materials:
  - {fileID: 2100000, guid: 0958297cbb8660543bcc94d4150d47d7, type: 2}
  m_SubsetIndices: 
  m_StaticBatchRoot: {fileID: 0}
  m_UseLightProbes: 1
  m_ReflectionProbeUsage: 1
  m_ProbeAnchor: {fileID: 0}
  m_ScaleInLightmap: 1
  m_PreserveUVs: 0
  m_IgnoreNormalsForChartDetection: 0
  m_ImportantGI: 0
  m_MinimumChartSize: 4
  m_AutoUVMaxDistance: 0.5
  m_AutoUVMaxAngle: 89
  m_LightmapParameters: {fileID: 0}
  m_SortingLayerID: 0
  m_SortingOrder: 0
  m_Sprite: {fileID: 21300026, guid: a8368547a2ccd51499f79944d8a9f2b5, type: 3}
  m_Color: {r: 1, g: 1, b: 1, a: 1}
  m_FlipX: 0
  m_FlipY: 0
--- !u!212 &21263478
SpriteRenderer:
  m_ObjectHideFlags: 1
  m_PrefabParentObject: {fileID: 0}
  m_PrefabInternal: {fileID: 100100000}
  m_GameObject: {fileID: 144876}
  m_Enabled: 1
  m_CastShadows: 0
  m_ReceiveShadows: 0
  m_Materials:
  - {fileID: 2100000, guid: 0958297cbb8660543bcc94d4150d47d7, type: 2}
  m_SubsetIndices: 
  m_StaticBatchRoot: {fileID: 0}
  m_UseLightProbes: 1
  m_ReflectionProbeUsage: 1
  m_ProbeAnchor: {fileID: 0}
  m_ScaleInLightmap: 1
  m_PreserveUVs: 0
  m_IgnoreNormalsForChartDetection: 0
  m_ImportantGI: 0
  m_MinimumChartSize: 4
  m_AutoUVMaxDistance: 0.5
  m_AutoUVMaxAngle: 89
  m_LightmapParameters: {fileID: 0}
  m_SortingLayerID: 0
  m_SortingOrder: 0
  m_Sprite: {fileID: 21300038, guid: a8368547a2ccd51499f79944d8a9f2b5, type: 3}
  m_Color: {r: 1, g: 1, b: 1, a: 1}
  m_FlipX: 0
  m_FlipY: 0
--- !u!212 &21265548
SpriteRenderer:
  m_ObjectHideFlags: 1
  m_PrefabParentObject: {fileID: 0}
  m_PrefabInternal: {fileID: 100100000}
  m_GameObject: {fileID: 134414}
  m_Enabled: 1
  m_CastShadows: 0
  m_ReceiveShadows: 0
  m_Materials:
  - {fileID: 2100000, guid: 0958297cbb8660543bcc94d4150d47d7, type: 2}
  m_SubsetIndices: 
  m_StaticBatchRoot: {fileID: 0}
  m_UseLightProbes: 1
  m_ReflectionProbeUsage: 1
  m_ProbeAnchor: {fileID: 0}
  m_ScaleInLightmap: 1
  m_PreserveUVs: 0
  m_IgnoreNormalsForChartDetection: 0
  m_ImportantGI: 0
  m_MinimumChartSize: 4
  m_AutoUVMaxDistance: 0.5
  m_AutoUVMaxAngle: 89
  m_LightmapParameters: {fileID: 0}
  m_SortingLayerID: 0
  m_SortingOrder: 0
  m_Sprite: {fileID: 21300040, guid: a8368547a2ccd51499f79944d8a9f2b5, type: 3}
  m_Color: {r: 1, g: 1, b: 1, a: 1}
  m_FlipX: 0
  m_FlipY: 0
--- !u!212 &21292788
SpriteRenderer:
  m_ObjectHideFlags: 1
  m_PrefabParentObject: {fileID: 0}
  m_PrefabInternal: {fileID: 100100000}
  m_GameObject: {fileID: 150490}
  m_Enabled: 1
  m_CastShadows: 0
  m_ReceiveShadows: 0
  m_Materials:
  - {fileID: 2100000, guid: 0958297cbb8660543bcc94d4150d47d7, type: 2}
  m_SubsetIndices: 
  m_StaticBatchRoot: {fileID: 0}
  m_UseLightProbes: 1
  m_ReflectionProbeUsage: 1
  m_ProbeAnchor: {fileID: 0}
  m_ScaleInLightmap: 1
  m_PreserveUVs: 0
  m_IgnoreNormalsForChartDetection: 0
  m_ImportantGI: 0
  m_MinimumChartSize: 4
  m_AutoUVMaxDistance: 0.5
  m_AutoUVMaxAngle: 89
  m_LightmapParameters: {fileID: 0}
  m_SortingLayerID: 0
  m_SortingOrder: 0
  m_Sprite: {fileID: 21300016, guid: a8368547a2ccd51499f79944d8a9f2b5, type: 3}
  m_Color: {r: 1, g: 1, b: 1, a: 1}
  m_FlipX: 0
  m_FlipY: 0
--- !u!252 &25268096
SurfaceEffector2D:
  m_ObjectHideFlags: 1
  m_PrefabParentObject: {fileID: 0}
  m_PrefabInternal: {fileID: 100100000}
  m_GameObject: {fileID: 170584}
  m_Enabled: 1
  m_UseColliderMask: 1
  m_ColliderMask:
    serializedVersion: 2
    m_Bits: 4294966783
  m_Speed: 3
  m_SpeedVariation: 0
  m_ForceScale: 0.1
  m_UseContactForce: 0
  m_UseFriction: 0
  m_UseBounce: 0
--- !u!1001 &100100000
Prefab:
  m_ObjectHideFlags: 1
  serializedVersion: 2
  m_Modification:
    m_TransformParent: {fileID: 0}
    m_Modifications: []
    m_RemovedComponents: []
  m_ParentPrefab: {fileID: 0}
  m_RootGameObject: {fileID: 144280}
  m_IsPrefabParent: 1
